<record><leader>00000cas a22000007a 4500</leader><controlfield tag="001">26597146</controlfield><controlfield tag="008">920914d191919uuscuwr ne      0    0eng d</controlfield><datafield ind1=" " ind2=" " tag="010"><subfield code="a">sn 92060503 </subfield></datafield><datafield ind1=" " ind2=" " tag="040"><subfield code="a">YOX</subfield><subfield code="b">eng</subfield><subfield code="c">YOX</subfield><subfield code="d">NYS</subfield><subfield code="d">NVK</subfield><subfield code="d">DLC</subfield><subfield code="d">OCLCQ</subfield><subfield code="d">KRTAS</subfield><subfield code="d">SUC</subfield></datafield><datafield ind1=" " ind2=" " tag="042"><subfield code="a">msc</subfield></datafield><datafield ind1=" " ind2=" " tag="043"><subfield code="a">n-us-sc</subfield></datafield><datafield ind1=" " ind2="4" tag="082"><subfield code="a">356.105</subfield></datafield><datafield ind1="0" ind2=" " tag="130"><subfield code="a">Jacksonian (Columbia, S.C.)</subfield></datafield><datafield ind1="1" ind2="4" tag="245"><subfield code="a">The Jacksonian.</subfield></datafield><datafield ind1="3" ind2="0" tag="246"><subfield code="a">Trench and camp</subfield></datafield><datafield ind1=" " ind2=" " tag="250"><subfield code="a">Trench and camp ed. for Camp Jackson.</subfield></datafield><datafield ind1=" " ind2=" " tag="260"><subfield code="a">Columbia, S.C. :</subfield><subfield code="b">Columbia State Co.</subfield></datafield><datafield ind1=" " ind2=" " tag="300"><subfield code="a">v.</subfield></datafield><datafield ind1=" " ind2=" " tag="310"><subfield code="a">Weekly</subfield></datafield><datafield ind1="1" ind2=" " tag="362"><subfield code="a">Began with Feb. 14, 1919.</subfield><subfield code="z">Cf. Jacksonian, v. 2, no. 21 (Feb. 28, 1919).</subfield></datafield><datafield ind1=" " ind2=" " tag="500"><subfield code="a">"Published every Friday under auspices of the National War Work Council, Young Men's Christian Association, Publicity Department for the United States Army Cantonment newspaper known as 'Trench and Camp'."</subfield></datafield><datafield ind1=" " ind2=" " tag="515"><subfield code="a">Some irregularities in numbering; issue for Feb. 28, 1919 numbered v. 2, no. 21; issue for Mar. 7, 1919 numbered v. 1, no. 4. Subsequent issues continue this numbering.</subfield></datafield><datafield ind1=" " ind2=" " tag="580"><subfield code="a">Trench and camp issued in over 20 editions throughout the U.S.</subfield></datafield><datafield ind1=" " ind2=" " tag="588"><subfield code="a">Latest issue consulted: Vol. 1, no. 26 (Aug. 8, 1919).</subfield></datafield><datafield ind1=" " ind2="0" tag="650"><subfield code="a">World War, 1914-1918</subfield><subfield code="v">Newspapers.</subfield></datafield><datafield ind1="1" ind2="0" tag="610"><subfield code="a">United States.</subfield><subfield code="t">Armed Forces</subfield><subfield code="v">Newspapers.</subfield></datafield><datafield ind1=" " ind2="0" tag="651"><subfield code="a">Columbia (S.C.)</subfield><subfield code="v">Newspapers.</subfield></datafield><datafield ind1=" " ind2="0" tag="651"><subfield code="a">Camp Jackson (S.C.)</subfield><subfield code="v">Newspapers.</subfield></datafield><datafield ind1=" " ind2="0" tag="651"><subfield code="a">Richland County (S.C.)</subfield><subfield code="v">Newspapers.</subfield></datafield><datafield ind1=" " ind2="0" tag="650"><subfield code="a">Military bases</subfield><subfield code="z">South Carolina</subfield><subfield code="v">Newspapers.</subfield></datafield><datafield ind1="2" ind2=" " tag="710"><subfield code="a">National War Work Council, Y.M.C.A. of the United States.</subfield></datafield><datafield ind1=" " ind2=" " tag="752"><subfield code="a">United States</subfield><subfield code="b">South Carolina</subfield><subfield code="c">Richland</subfield><subfield code="d">Columbia.</subfield></datafield><datafield ind1="0" ind2="0" tag="780"><subfield code="t">Trench and camp (Camp Jackson, S.C.)</subfield><subfield code="w">(DLC)  2013228777</subfield><subfield code="w">(OCoLC)70701113</subfield></datafield><datafield ind1=" " ind2=" " tag="938"><subfield code="a">Kirtas Technologies, Inc.</subfield><subfield code="b">KRTS</subfield><subfield code="n">740499</subfield></datafield></record>